@article{he11,
  title={Single image haze removal using dark channel prior},
  author={He, Kaiming and Sun, Jian and Tang, Xiaoou},
  journal={Pattern Analysis and Machine Intelligence, IEEE Transactions on},
  volume={33},
  number={12},
  pages={2341--2353},
  year={2011},
  publisher={IEEE}
}

@article{lee14,
  title={Scalable Matting: A Sub-linear Approach},
  author={Lee, Philip G and Wu, Ying},
  journal={arXiv preprint arXiv:1404.3933},
  year={2014}
}

@article{levin08,
  title={A closed-form solution to natural image matting},
  author={Levin, Anat and Lischinski, Dani and Weiss, Yair},
  journal={Pattern Analysis and Machine Intelligence, IEEE Transactions on},
  volume={30},
  number={2},
  pages={228--242},
  year={2008},
  publisher={IEEE}
}

@book{briggs87,
  title={A multigrid tutorial},
  author={Briggs, William L and McCormick, Steve F and others},
  volume={72},
  year={2000},
  publisher={Siam}
}

@book{bramble93,
  title={Multigrid methods},
  author={Bramble, James H},
  volume={294},
  year={1993},
  publisher={CRC Press}
}

@article{gopal08,
  title={Multigrid convergence for second order elliptic problems with smooth complex coefficients},
  author={Gopalakrishnan, Jayadeep and Pasciak, Joseph E},
  journal={Computer Methods in Applied Mechanics and Engineering},
  volume={197},
  number={49},
  pages={4411--4418},
  year={2008},
  publisher={Elsevier}
}

@article{pflaum08,
  title={A multigrid conjugate gradient method},
  author={Pflaum, Christoph},
  journal={Applied Numerical Mathematics},
  volume={58},
  number={12},
  pages={1803--1817},
  year={2008},
  publisher={Elsevier}
}

@inproceedings{dai08,
  title={Motion from blur},
  author={Dai, Shengyang and Wu, Ying},
  booktitle={Computer Vision and Pattern Recognition, 2008. CVPR 2008. IEEE Conference on},
  pages={1--8},
  year={2008},
  organization={IEEE}
}

@incollection{fan10,
  title={Closed-loop adaptation for robust tracking},
  author={Fan, Jialue and Shen, Xiaohui and Wu, Ying},
  booktitle={Computer Vision--ECCV 2010},
  pages={411--424},
  year={2010},
  publisher={Springer}
}

@misc{shewchuk94,
  title={An introduction to the conjugate gradient method without the agonizing pain},
  author={Shewchuk, Jonathan Richard},
  year={1994},
  publisher={Carnegie Mellon University, Pittsburgh, PA}
}
